2245 3808
407 116 672 184 Praefatio
715 117 1052 168 Paraenetica
1090 118 1149 169 in
1201 119 1303 169 Vet.
1351 119 1492 171 Test.
1524 119 1698 172 Grcec.
1907 122 1975 174 27

145 273 423 333 Latinam
471 273 1036 353 interpretationem
1090 295 1164 333 ex
1214 275 1382 334 LXX
1430 276 1704 337 versione
1757 279 1980 338 factam

145 377 433 436 referunt.
509 376 796 447 Quamvis
839 376 1000 436 enim
1040 376 1267 436 fuerint
1314 379 1775 459 quamplurimae
1819 381 1980 442 inter

146 480 393 540 Latinos
438 480 651 540 Patres
685 480 923 540 Veteris
968 481 1365 540 Instrumenti
1411 483 1731 554 versiones,
1774 493 1981 545 tamen

145 594 285 645 ante
319 586 376 646 S.
410 586 847 666 Hieronymum
881 586 1047 644 nulla
1078 607 1153 645 ex
1177 587 1435 646 Hebraeo
1462 588 1666 648 codice
1691 590 1848 649 facta
1874 599 1978 662 est,

146 691 249 750 sed
296 712 371 750 ex
402 691 613 750 Graeco
663 711 884 749 omnes
981 690 1151 761 “Qui
1199 691 1359 749 enim
1392 693 1720 772 scriptura-s
1751 716 1824 753 ex
1859 696 1980 755 He-

146 802 177 825 “
198 796 360 854 braea
387 795 593 874 lingua
625 789 687 853 in
707 795 981 856 Graecam
1013 804 1341 867 verterunt,
1375 797 1679 856 numerari
1710 808 1980 877 possunt,

146 898 394 958 “Latini
426 906 626 958 autem
662 898 1023 977 interpretes
1066 899 1233 959 nullo
1276 901 1470 960 modo,
1548 902 1631 960 Ut
1672 903 1831 961 enim
1863 904 1980 963 cui-

146 1012 312 1082 “que
354 1003 562 1082 primis
600 1002 740 1062 fidei
783 1004 1158 1083 temporibus
1205 1003 1267 1063 in
1317 1026 1529 1064 manus
1577 1006 1741 1065 venit
1774 1008 1979 1068 Codex

146 1116 176 1139 ‘⁶
197 1109 460 1180 GraeCUS,
495 1116 553 1168 et
594 1108 1039 1188 aliquantulum
1072 1110 1375 1170 facultatis
1408 1111 1724 1192 utriusque
1756 1113 1977 1193 linguae

146 1213 415 1272 “habere
447 1212 780 1284 videbatur,
808 1235 987 1273 ausus
1017 1223 1106 1273 est
1137 1215 1576 1294 interpretari,’'
1610 1225 1677 1276 ut
1708 1219 1979 1297 loquitur

145 1318 201 1378 S.
233 1318 609 1398 Augustinus
658 1319 729 1378 de
775 1320 979 1379 Doctr.
1017 1319 1374 1392 Christiana,
1422 1321 1521 1380 lib.
1558 1320 1614 1380 ii.
1670 1343 1718 1381 c.
1749 1322 1826 1382 xi.
1899 1324 1978 1383 Et

145 1422 218 1482 de
247 1422 422 1482 Civit.
458 1423 586 1494 Dei,
619 1423 718 1484 lib.
757 1424 920 1483 xviii.
948 1446 995 1484 c.
1034 1424 1177 1484 xliii.
1269 1426 1474 1485 “Cum
1514 1426 1738 1486 fuerint
1778 1436 1837 1487 et
1877 1428 1978 1487 alii

145 1539 174 1559 ‘⁶
195 1527 572 1607 interpretes,
607 1528 710 1608 qui
742 1551 816 1588 ΘΧ
848 1529 1109 1589 Hebraea
1150 1529 1357 1609 lingua
1397 1530 1457 1588 in
1489 1531 1762 1590 Graecam
1813 1553 1979 1592 sacra

145 1631 298 1691 “illa
329 1632 569 1712 eloquia
598 1634 1059 1704 transtulerunt,
1091 1634 1249 1693 hanc
1281 1643 1484 1692 tamen
1511 1655 1644 1713 quae
1674 1635 1840 1694 LXX
1871 1645 1976 1708 est,

145 1745 486 1817 “tanquam
526 1738 653 1797 sola
685 1737 972 1809 esset,·sic
1002 1738 1229 1818 recepit
1260 1738 1543 1810 Ecclesia,
1577 1760 1765 1818 eaque
1798 1747 1976 1798 utun-

142 1850 296 1901 “tur
327 1841 522 1902 Graeci
554 1842 762 1922 populi
795 1842 1141 1909 Christiani,
1176 1864 1433 1922 quorum
1467 1843 1738 1922 plerique
1771 1852 1976 1903 utrum

145 1955 174 1978 ‘⁶
194 1947 312 2006 alia
335 1947 411 2006 sit
436 1946 639 2026 aliqua
664 1946 961 2026 ignorant.
1029 1948 1122 2005 Ex
1146 1947 1258 2006 hac
1285 1947 1451 2005 LXX
1476 1946 1976 2026 interpretatione

144 2051 378 2110 “etiam
423 2051 483 2110 in
522 2050 798 2110 Latinam
845 2050 1112 2130 linguam
1155 2050 1621 2130 interpretatum
1669 2059 1773 2123 est,
1813 2053 1974 2131 quod

144 2155 477 2214 “Ecclesiae
538 2155 769 2215 Latinae
821 2157 1087 2215 tenent.'’
1177 2156 1401 2215 Omnes
1472 2156 1679 2235 itaque
1745 2157 1974 2217 Latinae

141 2259 380 2319 Veteris
409 2260 807 2320 Instrumenti
838 2259 1140 2320 versiones
1172 2268 1312 2320 ante
1345 2261 1402 2321 S.
1429 2260 1867 2341 Hieronymum
1900 2284 1972 2321 ex

141 2363 308 2422 LXX
348 2364 791 2444 Interpretibus
841 2373 979 2424 sunt
1018 2386 1346 2445 expressae,
1394 2373 1576 2444 atque
1608 2365 1743 2425 ideo
1776 2366 1996 2425 Latini*

141 2469 370 2541 PatreS,
425 2469 528 2529 ubi
581 2470 782 2529 locum
834 2470 1099 2549 aliquem
1149 2469 1287 2529 inde
1342 2471 1673 2549 proferunt,
1741 2479 1845 2531 aut
1898 2471 1973 2530 ad

140 2571 351 2633 Mosen
405 2582 463 2633 et
516 2574 855 2654 Prophetas
912 2597 1155 2655 quoquo
1208 2576 1387 2635 modo
1448 2576 1792 2656 respiciunt,
1854 2599 1973 2637 non

142 2677 317 2737 aliter
354 2700 533 2757 quam
580 2700 652 2737 ex
703 2679 807 2738 illa
849 2679 1349 2759 interpretatione
1395 2688 1533 2739 sunt
1578 2680 1970 2760 intelligendi.

141 2781 352 2840 Libros
405 2781 555 2841 duos
604 2783 889 2843 adversus
938 2784 1187 2842 Judaeos
1243 2783 1478 2863 scripsit
1525 2785 1599 2844 ad
1651 2785 1972 2856 Quirinum

143 2886 202 2944 S.
245 2884 594 2964 Cyprianus
644 2907 718 2945 ex
764 2894 1023 2966 utroque
1068 2887 1344 2958 Foedere,
1398 2888 1604 2947 Veteri
1652 2888 1971 2968 praecipue,

144 2998 174 3021 ‘⁶
195 2989 491 3068 excerptis
519 2989 797 3069 capitulis
829 2998 888 3050 et
913 2990 1161 3051 annexis
1179 3000 1225 3062 ;''
1274 2993 1401 3051 haec
1428 2999 1646 3062 autem,
1675 3001 1972 3071 quatenus

142 3094 332 3152 Vetus
380 3093 862 3153 Instrumentum
913 3103 1206 3174 spectant,
1261 3116 1380 3154 non
1433 3095 1610 3155 aliter
1667 3117 1848 3174 quam
1895 3117 1969 3155 ex

141 3196 308 3255 LXX
333 3197 603 3257 versione
634 3197 889 3277 intelligi
917 3207 1183 3278 possunt.
1273 3199 1420 3270 Quis
1452 3208 1715 3258 mentem
1748 3201 1804 3259 S.
1829 3200 1968 3257 Am-

142 3300 325 3360 brosii
356 3311 723 3381 assequetur,
751 3303 873 3381 qui,
899 3303 960 3362 in
984 3305 1271 3364 Oratione
1304 3305 1376 3364 de
1408 3305 1578 3364 obitu
1602 3305 1968 3374 Theodosiig,

143 3405 216 3463 de
248 3405 479 3464 Helena
519 3405 578 3463 in
626 3406 785 3466 hunc
825 3408 1072 3466 modum
1103 3409 1390 3487 loquitur,
1416 3417 1448 3440 ‘⁶
1470 3409 1763 3467 Adoravit
1795 3408 1965 3466 illum

144 3507 296 3587 “qui
354 3508 639 3587 pependit
703 3509 764 3568 in
816 3510 997 3590 lignO,
1059 3511 1247 3581 illum,
1312 3512 1573 3590 inquam,
1642 3512 1743 3590 qui
1814 3511 1966 3569 sicut

533 3633 552 3688 Ξ
590 3625 611 3690 §
637 3628 705 3682 46.
744 3624 817 3674 Cf,
846 3628 892 3674 S.
921 3628 1140 3675 Ambros.
1171 3627 1322 3691 Epist.
1350 3628 1498 3674 xxxii.
1526 3632 1564 3673 6.
