2245 3808
408 49 676 117 Praefatio
720 50 1066 100 Paraenetica
1099 50 1159 99 in
1208 50 1309 100 Vet.
1359 50 1501 101 Test.
1547 49 1721 101 Graec.
1947 47 1984 116 7

156 209 491 287 Οὑλαμλοῠζ
527 204 824 266 Eusebius
870 204 933 264 in
976 205 1149 265 Locis
1191 204 1522 275 Hebraicis,
1570 208 1710 277 αὕτη
1754 208 1909 267 ἐστιν
1953 209 1991 279 ἦ

156 314 242 371 καὶ
301 316 562 380 κληθεῖσα
622 309 901 384 Ζαβουλᾶ,
960 311 1042 367 καὶ
1099 308 1248 376 ,ue-td
1310 315 1492 367 ταῦτα
1553 309 1783 378 Βαιθήλ.
1889 310 1986 370 Ita

155 414 362 475 Codex
409 411 731 483 Bonfrerii,
791 412 894 472 sed
951 420 1289 491 corruthS‚
1347 420 1416 471 ut
1463 411 1590 491 ipse
1650 412 1987 491 suspicatus

154 525 265 578 est.
375 519 458 577 At
510 517 718 577 Codex
776 537 964 587 mem,
1026 515 1153 576 MS.
1209 521 1475 585 κληθεῖσα
1537 514 1766 596 Λοῦζαῑ,
1826 517 1989 596 quod

154 622 468 701 sequentia
496 622 760 691 firmant,
795 617 1092 690 δεδήλωται
1124 620 1395 699 ἀνωτέρω.
1475 619 1707 699 Nempe
1747 619 1809 679 in
1840 641 1986 680 voce

160 727 389 796 Βαιθὴλ,
431 722 463 795 ἢ
506 721 562 783 δὲ
602 725 668 783 τό
702 723 973 803 πρότερον
1012 725 1267 782 ἐκαλεῖτο
1310 725 1397 781 καὶ
1430 722 1629 803 Λοῦζα,
1659 730 1720 781 effi
1750 721 1813 781 in
1843 744 1987 784 voce

155 828 355 909 Λοῦζα,
400 830 611 897 ταύτην
649 827 997 894 ἐπωνόμασεν
1040 825 1240 897 Ἰακώβ
1287 825 1517 894 Βαιθήλ.

237 930 475 990 Pariter
504 931 671 990 LXX
710 931 886 989 malae
927 929 1066 988 fidei
1108 930 1333 988 frustra
1368 936 1428 987 et
1469 927 1596 987 sine
1624 927 1859 988 ratione
1891 949 1988 989 ac-

153 1044 457 1106 cusantur,
504 1037 653 1096 Gen.
686 1035 808 1095 xiii.
846 1039 941 1095 13.
1013 1036 1098 1095 Et
1135 1033 1266 1094 viri
1295 1035 1699 1094 Sodomorum
1734 1034 1889 1094 mali
1933 1046 1990 1096 et

143 1149 486 1216 peccatores
522 1139 592 1199 222
622 1148 932 1215 conspectu
958 1138 1080 1198 Dei
1110 1139 1497 1198 vehementer.
1569 1146 1599 1169 ‘⁶
1620 1136 1987 1214 Superflue‚'’

152 1242 350 1322 inquit
403 1244 459 1303 S.
512 1243 939 1322 Hieronymus,
996 1241 1145 1301 “hic
1202 1240 1264 1300 in
1323 1241 1490 1299 LXX
1549 1239 1988 1319 interpretibus

153 1357 185 1380 ‘⁶
204 1347 477 1406 additum
503 1355 612 1418 est,
643 1347 712 1407 222
731 1357 1041 1424 conspectu
1060 1345 1199 1406 Dei.
1246 1344 1557 1424 Siquidem
1583 1344 1988 1403 Sodomorum

155 1451 402 1512 “coloni
439 1452 601 1532 apud
645 1451 919 1512 homines
964 1450 1107 1510 mali
1148 1458 1208 1510 et
1248 1457 1595 1529 peccatores
1636 1457 1839 1518 erant3
1885 1448 1986 1508 ille

154 1562 409 1614 “autem
450 1554 671 1614 dicitur
706 1554 777 1614 in
814 1564 1124 1632 conspectu
1153 1552 1278 1614 Dei
1318 1559 1613 1632 peccator,
1648 1551 1751 1630 qui
1788 1558 1988 1630 potest

155 1658 366 1737 “apud
414 1657 688 1718 homines
718 1659 921 1738 justus
962 1656 1209 1716 videri.''
1295 1657 1379 1715 At
1426 1663 1588 1714 certe
1637 1654 1742 1713 illa
1785 1655 1986 1726 verba,

155 1761 225 1820 in
271 1771 580 1838 conspectu
605 1760 743 1832 Dei,
793 1782 914 1820 non
959 1769 1099 1820 sunt
1148 1760 1450 1839 superflue
1491 1757 1714 1827 addita,
1760 1757 1862 1817 sed
1910 1758 1988 1817 ad

154 1864 675 1945 interpretandum
720 1831 894 1941 ffi'ffl'f?
940 1863 1004 1923 in
1052 1864 1333 1924 Hebraeo.
1424 1862 1635 1941 Neque
1684 1862 1846 1920 mala
1897 1870 1988 1922 est

155 1960 594 2049 interpretati0‚
639 1968 688 2029 si
732 1968 1096 2047 accipiamus
1141 1933 1317 2044 ΠᾏΠῆἳ
1363 1987 1474 2046 pro
1515 1956 1648 2042 ΠᾏΠζ
1692 1932 1855 2042 ’ᾏῷιὲς
1901 1965 1988 2026 ita

158 2073 369 2132 Chald.
413 2075 454 2150 2}
501 2074 652 2165 0352,
712 2071 800 2132 ita
842 2073 1022 2152 Vulg.
1081 2082 1421 2149 peccatores
1475 2089 1681 2129 coram
1719 2069 1988 2130 Domino

157 2200 364 2240 22222223.

240 2283 401 2353 Quid
432 2283 592 2362 quod
625 2282 1001 2343 doctissimus
1029 2281 1213 2340 Pater
1243 2279 1528 2358 Aquilam
1560 2290 1592 2312 ‘⁶
1613 2279 1987 2359 proselytum

156 2385 703 2458 “contentiosumj’
742 2384 1171 2466 Symmachum
1215 2392 1275 2443 et
1320 2382 1796 2443 Theodotionem
1832 2393 1863 2416 ‘⁶
1881 2384 1922 2442 J
1927 2405 1987 2443 u-

157 2501 188 2524 “
211 2491 515 2551 daizantes
545 2490 939 2551 haereticosk'’
971 2510 1129 2568 saepe
1176 2487 1466 2567 sequitur,
1516 2496 1576 2547 et
1604 2488 1771 2546 LXX
1799 2488 1988 2547 Inter-

157 2595 428 2674 pretibus
474 2596 737 2675 praefert,
786 2595 890 2654 ubi
937 2594 1104 2653 nulla
1142 2591 1386 2652 omnino
1430 2590 1788 2671 praeferendi
1828 2590 1986 2650 ratio

157 2702 502 2779 comparet?
574 2701 656 2759 Ut
688 2700 907 2758 Psalm.
942 2696 1173 2757 lxxxix.
1211 2698 1357 2774 (xc.)
1394 2696 1445 2757 7.
1491 2695 1663 2755 “Pro
1704 2716 1775 2754 eo
1825 2695 1987 2774 quod

158 2813 317 2862 “nos
355 2802 634 2873 diximuS,
683 2802 914 2863 turbati
958 2821 1183 2872 sumac,
1235 2799 1630 2879 Symmachus
1671 2808 1731 2858 et
1762 2797 1987 2878 Aquila

225 3035 237 3066 i
261 3038 340 3085 Ita
362 3038 506 3085 etiam
531 3055 590 3085 ex
614 3038 772 3085 codice
791 3037 1029 3085 Vaticano
1114 3037 1257 3083 habet
1282 3033 1583 3098 Epiphanius
1607 3033 1682 3080 De
1709 3033 1917 3079 Mensur.
1940 3039 1987 3078 et

158 3117 428 3164 emendavit
447 3117 728 3172 Vallarsius,
750 3117 810 3164 ad
829 3117 1026 3164 Hieron.
1116 3115 1319 3162 Ponder.
1357 3130 1394 3160 c.
1438 3129 1520 3172 xv,
1559 3111 1656 3158 xvi.
1729 3110 1804 3156 De
1843 3110 1983 3171 Sym-

162 3196 289 3258 Opp.
314 3201 430 3243 tom.
455 3195 520 3241 iii.
544 3214 589 3259 p.
619 3200 717 3243 288.
1113 3194 1282 3240 macho
1328 3197 1374 3239 et
1414 3189 1750 3248 Theodotione,
1791 3188 1905 3234 ibid.
1944 3204 1983 3233 c.

226 3271 247 3302 k
273 3274 386 3323 Vid.
405 3275 598 3321 Hieron.
620 3275 775 3337 Epist.
792 3274 891 3322 lvii.
916 3273 938 3336 ᾗ
959 3291 1026 3322 11.
1114 3273 1213 3332 xvi,
1260 3271 1375 3318 xvii.
1457 3270 1532 3317 De
1577 3269 1650 3315 his
1695 3266 1986 3314 versionibus

161 3359 209 3401 et
237 3355 502 3401 Comment.
539 3354 588 3400 in
624 3354 837 3413 Aba-cuo,
871 3353 952 3400 lib.
978 3354 1026 3401 ii.
1114 3352 1264 3400 fusius
1305 3351 1404 3413 agit
1441 3350 1486 3396 J.
1515 3350 1576 3396 G.
1610 3345 1899 3409 Carpzovius
1934 3343 1981 3389 in

162 3433 223 3479 ad
246 3450 346 3495 cap.
372 3432 436 3479 iii.
468 3449 534 3491 13.
589 3433 664 3479 De
690 3432 870 3495 Aquila
895 3431 1032 3494 plura
1116 3430 1299 3478 Introd.
1326 3430 1386 3476 ad
1411 3428 1581 3475 Libros
1606 3427 1717 3472 Vet.
1742 3425 1868 3469 Tost-
