2309 3856
744 696 1136 751 PEARSONI
1186 693 1592 749 PRECATIO.

1174 896 1188 900 ..
1192 895 1217 900 ..,
1232 896 1238 899 .
1242 896 1302 899 ..-,
1307 896 1311 898 .
1326 896 1358 899 ἃ-

1058 1054 1286 1106 Oremus.

520 1189 847 1236 OMNIPOTENs
883 1194 933 1236 et
969 1193 1152 1235 aeterne
1188 1187 1344 1246 DEUS,
1384 1187 1483 1243 Qui
1517 1191 1569 1233 te
1608 1191 1716 1232 toto
1751 1185 1926 1247 imples

416 1277 593 1335 omnia,
621 1292 767 1339 quem
801 1292 891 1322 nec
926 1276 1128 1338 capiunt
1163 1276 1392 1321 universa
1404 1291 1419 1334 ;
1455 1290 1485 1320 a
1519 1273 1588 1320 Te
1624 1289 1803 1331 sumus,
1839 1273 1925 1335 qui

420 1381 471 1412 es
519 1366 629 1412 fons
677 1365 898 1411 omnium
911 1382 925 1424 ,·
979 1365 1042 1411 ad
1083 1365 1152 1411 Te
1188 1364 1426 1423 venimus,
1464 1364 1549 1426 qui
1585 1379 1634 1410 es
1674 1364 1787 1409 finis
1827 1379 1927 1409 om-

417 1453 569 1500 nium.
642 1453 969 1516 ,Agnoscimus
1011 1469 1154 1499 omne
1196 1452 1367 1499 datum
1402 1453 1658 1514 optimum,
1697 1457 1747 1498 et
1783 1467 1925 1497 omne

417 1543 603 1589 donum
638 1542 912 1604 perfectum
953 1541 1208 1588 desursum
1254 1557 1367 1587 esse.
1441 1539 1719 1586 Descendat
1755 1541 1925 1602 itaque

415 1631 692 1678 benedictio
724 1635 814 1677 tua
845 1646 991 1692 super
1019 1646 1181 1677 servos
1215 1634 1341 1688 tuos,
1366 1629 1507 1675 bonis
1537 1628 1695 1675 literis
1730 1645 1926 1691 operam

416 1723 686 1777 navantes3
729 1718 924 1780 adspira
957 1717 1180 1780 inceptis,
1220 1718 1400 1779 adjuva
1434 1721 1650 1774 conatus,
1692 1732 1926 1778 promove

418 1807 595 1866 studia,
639 1823 797 1869 purga
849 1810 1041 1852 mentes
1090 1806 1153 1852 ad
1213 1806 1542 1867 cognitionem
1589 1805 1678 1863 sui,
1719 1804 1924 1866 Tuique,

417 1895 734 1954 anhelantes3
813 1894 941 1940 adsis
1011 1894 1257 1956 propitius
1341 1894 1617 1956 dirigasque
1691 1892 1927 1939 exercitia

417 1989 586 2031 nostra
607 1983 838 2042 literaria,
864 1983 956 2029 sub
979 1982 1254 2045 patrocinio
1288 1987 1377 2029 tuo
1413 1987 1647 2044 suscepta,
1674 1987 1724 2028 et
1751 1983 1928 2029 honori

416 2077 505 2118 tuo
552 2072 784 2119 dedicata.
869 2072 912 2118 O
961 2072 1111 2118 Pater
1157 2071 1440 2130 Luminum,
1489 2071 1552 2118 da
1597 2071 1737 2118 nobis
1782 2071 1929 2118 intel-

418 2158 617 2218 lectum,
638 2165 696 2206 ut
713 2175 1056 2222 cognoscamus
1073 2159 1345 2206 veritatem.
1402 2159 1444 2206 O
1465 2159 1615 2205 Pater
1634 2158 1926 2221 Spirituum,

419 2245 482 2292 da
504 2247 644 2292 nobis
668 2247 868 2305 animos,
886 2252 944 2292 ut
964 2247 1279 2293 defendamus
1303 2246 1562 2307 cognitam.
1615 2246 1656 2291 O
1691 2246 1927 2309 Princeps

421 2335 575 2393 Pacis,
600 2335 779 2397 largire
810 2335 950 2381 nobis
986 2335 1289 2397 sapientiam,
1315 2339 1373 2379 ut
1409 2334 1691 2379 studeamus
1725 2335 1924 2394 unitati,

419 2428 480 2469 ut
535 2424 807 2485 exstirpata
859 2422 1045 2481 haeresi,
1095 2427 1145 2468 et
1190 2422 1448 2484 profligato
1503 2422 1778 2483 schismate,
1825 2440 1926 2470 uno

420 2511 585 2556 animo
620 2510 848 2572 labioque
886 2509 955 2556 Te
996 2508 1224 2567 colamUS,
1265 2508 1474 2570 Tibique
1514 2509 1732 2555 debitam
1769 2511 1927 2557 obser-

421 2599 645 2646 vantiam
676 2603 976 2661 praestemus,
1003 2598 1065 2644 ad
1097 2597 1329 2643 Nominis
1351 2597 1429 2643 tui
1452 2598 1669 2659 gloriam,
1700 2599 1926 2646 Ecclesiae

419 2688 708 2750 profectum,
750 2686 951 2748 pietatis
987 2686 1360 2744 incrementum,
1404 2691 1454 2731 et
1495 2686 1770 2733 animarum
1819 2704 1928 2733 nos-

417 2780 610 2822 trarum
644 2774 865 2833 salutem,
901 2789 988 2836 per
1022 2771 1057 2819 J
1060 2786 1193 2820 ESUM
1228 2773 1506 2832 CHRISTUM,
1545 2773 1729 2821 Filium
1765 2780 1924 2834 tuum,

424 2863 695 2909 Dominum
729 2866 966 2908 nostrum.
1041 2861 1218 2908 Amen.
