2293 3872
284 157 354 207 32
534 155 810 223 Praefatio
853 156 1195 207 Parcenetica
1231 156 1289 207 in
1339 157 1439 208 Vct.
1479 157 1619 208 Test.
1661 158 1834 208 Groec.

281 315 498 375 Psalm.
526 315 623 375 lvi.
647 315 709 374 in
739 316 934 386 titulo,
965 315 1050 375 ita
1077 324 1137 375 et
1163 318 1451 397 μάκρυμμα
1480 317 1896 378 deduxerunt:
1932 338 2115 397 quam

282 441 504 491 vocem,
552 420 780 500 opinor,
831 429 992 480 certe
1035 420 1476 500 expositionem
1509 422 1653 502 ejus,
1701 422 1925 481 frustra
1955 423 2116 501 apud

279 534 513 585 veteres
558 526 786 585 Graecae
832 524 1054 604 linguae
1101 525 1423 604 scriptores
1469 547 1721 605 quaeras,

363 631 512 690 Cum
561 630 745 710 igitur
781 630 1153 690 LXXviralis
1181 629 1394 690 Versio
1440 631 1516 690 ad
1559 630 1924 691 Hebraicam
1963 631 2115 691 veri-

277 744 466 795 tatem
507 737 694 815 probe
732 734 1226 814 perspiciendam,
1266 735 1341 794 ad
1383 734 1810 795 auctoritatem
1846 736 2114 796 testimo-

276 840 515 899 niorum
578 838 1068 918 Apostolicorum
1131 833 1623 908 confirmandam,
1697 840 1773 898 ad
1840 839 2112 899 nativum

276 947 431 1006 Novi
462 946 735 1006 Foederis
776 946 998 1026 stylum
1039 953 1202 1004 recte
1245 944 1722 1024 intelligendum,
1758 945 1834 1003 ad
1869 945 2114 1005 Graecos

277 1053 642 1132 Latinosque
678 1052 889 1112 Patres
925 1051 1040 1111 rite
1076 1051 1441 1122 tractandOS,
1488 1050 1563 1110 ad
1602 1049 1911 1110 scientiam
1948 1049 2114 1109 deni-

277 1180 393 1238 que
444 1158 665 1238 linguae
712 1158 942 1217 Graecae
1001 1157 1316 1236 ipsamque
1372 1155 1622 1216 criticen
1681 1155 2110 1226 adornandam,

273 1274 400 1325 tam
432 1264 508 1325 sit
544 1264 710 1324 utilis
746 1252 1321 1343 atque‘necessaria,
1370 1261 1504 1341 quis
1536 1282 1668 1321 eam
1702 1261 1892 1321 doctis
1924 1261 2114 1320 omni-

276 1373 403 1441 bus,
434 1368 770 1450 praesertim
810 1368 1123 1448 theologis,
1166 1390 1289 1428 non
1328 1367 1492 1427 videt
1537 1368 1757 1426 debere
1793 1387 1920 1426 esse
1953 1388 2113 1426 com-

274 1473 786 1534 mendatissimam
804 1475 824 1533 ἲ

359 1577 660 1648 Quoniam
685 1585 887 1636 autem
920 1577 1049 1635 haec
1081 1575 1402 1635 Seniorum
1426 1574 1637 1647 versiO,
1667 1575 1852 1634 etiam
1885 1575 1942 1634 S.
1971 1575 2113 1634 Hie-

271 1682 508 1763 ronymi
546 1690 838 1761 tempore,
868 1690 899 1713 ‘⁶
921 1687 1207 1760 corrupta
1237 1679 1354 1738 fuit
1392 1687 1576 1759 atque
1607 1678 1881 1750 violata,”
1916 1680 2112 1740 danda

272 1797 363 1849 est
395 1809 595 1868 opera,
621 1794 690 1845 ut
718 1785 772 1845 ei
798 1784 1055 1865 pristina
1084 1784 1317 1864 puritas
1344 1783 1583 1843 restitui
1616 1792 1676 1844 e‘t
1707 1783 2111 1864 redintegrari

269 1892 474 1974 possit.
563 1893 812 1952 Certum
858 1899 948 1950 est
994 1889 1365 1969 exemplaria
1411 1911 1545 1969 quae
1587 1890 1894 1960 habemUS,
1934 1889 2109 1948 Com:

269 2000 564 2078 plutense,
607 1996 915 2067 Aldinum,
965 1996 1329 2066 Romanum,
1376 1995 1707 2074 plurimum
1752 1994 1911 2054 inter
1950 2015 2012 2054 se
2050 2003 2110 2054 et

270 2104 346 2163 ab
395 2101 811 2162 Alexandrino
853 2100 1228 2180 discrepare;
1282 2099 1431 2160 alios
1479 2099 1663 2159 etiam
1707 2099 1958 2159 Codices
2003 2099 2111 2158 ali-

272 2229 529 2288 quarum
581 2207 640 2267 S.
685 2205 1014 2284 Scripturae
1065 2204 1333 2284 partium
1387 2204 1531 2263 satis
1590 2203 1889 2283 antiqUOS,
1949 2224 2110 2262 nunc

272 2335 408 2374 cum
447 2333 657 2372 eorum
693 2311 916 2390 aliquo,
956 2332 1117 2370 nunc
1159 2332 1293 2369 cum
1335 2310 1520 2380 nullo,
1562 2309 1900 2370 convenire.
1989 2310 2110 2390 Op-

269 2418 416 2478 time
450 2417 636 2497 igitur
662 2415 890 2485 fecerit,
924 2414 1028 2495 qui
1059 2415 1308 2476 Codices
1339 2436 1548 2476 omnes
1578 2415 1735 2476 MSS
1765 2437 1902 2475 cum
1934 2414 2111 2475 editis

271 2524 591 2603 diligenter
625 2520 966 2592 contulerit,
1015 2520 1119 2600 qui
1149 2520 1344 2580 varias
1381 2519 1672 2580 lectiones
1708 2541 1830 2580 non
1866 2527 2108 2580 tantum

269 2629 345 2689 ad
391 2626 748 2687 Hebraicam
781 2625 1098 2686 veritatem
1141 2624 1596 2696 examinaverit,
1642 2626 1745 2686 sed
1782 2647 1919 2685 cum
1955 2626 2110 2685 anti-

270 2732 693 2813 quissimorum
725 2732 765 2790 J
769 2732 1082 2790 udaeorum
1114 2729 1385 2790 Philonis
1415 2739 1475 2789 et
1508 2731 1549 2789 J
1554 2730 1777 2810 osephi,
1820 2738 1880 2790 et
1911 2738 2108 2791 vetus-

268 2838 637 2898 tissimorum
670 2837 922 2896 Patrum
951 2835 1189 2916 scriptis
1236 2836 1689 2915 comparaverit,
1736 2857 1806 2895 ac
1847 2835 2106 2916 denique

269 2941 674 3023 expositiones
706 2963 823 3011 eas,
848 2963 982 3021 quae
1011 2941 1172 3021 apud
1197 2940 1656 3020 lexicographos
1684 2940 2106 3020 scripturarios

268 3047 600 3108 etiamnum
642 3055 899 3118 exstant,
945 3046 1040 3106 vel
1091 3045 1293 3126 potius
1336 3045 1711 3117 delitescunt,
1754 3044 2103 3125 inspexerit,

269 3161 452 3232 atque
489 3151 575 3211 ita
604 3151 775 3211 nobis
818 3151 1144 3211 editionem
1187 3151 1355 3210 LXX
1388 3149 1650 3210 maxime
1684 3172 1898 3230 puram
1930 3151 2104 3210 ador-

268 3255 518 3315 naverit.
608 3256 800 3325 Quale
851 3276 1001 3334 opus
1045 3254 1278 3315 utinam
1323 3254 1648 3335 aliquando
1696 3253 1786 3313 vir
1834 3254 2104 3314 doctissi-

269 3382 403 3421 mus
454 3361 693 3420 Isaacus
745 3359 1009 3427 Vossius,
1061 3359 1165 3440 qui
1225 3358 1451 3439 optime
1511 3366 1726 3439 potest,
1787 3360 2102 3438 perficeret

269 3466 611 3544 ederetque.

1764 3568 1820 3627 J.
1867 3568 1933 3627 P,
