2293 3872
330 92 401 145 16
588 96 857 164 Praefatio
900 96 1245 148 Paraenetica
1284 97 1343 146 in
1396 95 1502 147 Vct,
1542 97 1682 148 Test.
1717 97 1892 149 Graec.

325 257 622 337 legerunt,
647 264 715 315 ut
746 265 806 315 et
839 255 1029 315 codex
1054 255 1453 314 Hebraeorum
1480 254 1932 327 Samaritanus3
1966 278 2162 337 neque

324 362 397 421 de
428 362 560 421 loco
593 360 696 440 qui
728 359 1029 420 diceretur
1057 361 1247 430 Ham,
1280 366 1446 439 puto,
1477 358 1711 439 uspiam
1744 360 1985 440 legitur.
2074 392 2077 393 ⁷

409 464 473 524 Si
529 464 714 544 igitur
760 464 926 522 LXX
984 463 1303 524 Seniorum
1351 463 1512 522 fama
1566 461 1692 522 sine
1755 463 1991 524 ratione
2040 485 2161 525 non

322 569 661 638 laederetur,
710 566 758 627 si
793 566 1186 627 Judaizantes
1235 566 1504 626 haeretici
1552 566 1678 626 sine
1721 587 1901 627 causa
1928 567 2000 627 iis
2039 589 2161 629 non

323 680 840 753 praeponerentur,
902 672 950 732 si
1011 670 1123 751 ipsi
1181 693 1256 731 ex
1304 671 1533 730 Graecae
1593 670 1816 750 linguae
1869 671 2043 751 copia
2101 681 2161 732 et

323 776 645 837 collatione
697 797 835 836 cum
882 776 1144 835 Hebraeo
1191 774 1395 834 codice
1448 782 1613 834 recte
1657 774 2161 854 intelligerentur,

323 881 373 941 si
404 881 662 961 denique
686 902 807 941 non
839 881 1032 941 solum
1060 880 1299 960 quoties
1322 881 1397 940 ab
1421 879 1715 939 hodierno
1741 887 1918 939 textu
1944 879 2163 941 discre-

322 1005 467 1065 pare
499 984 798 1056 videntur,
838 985 941 1045 sed
971 984 1155 1044 etiam
1188 983 1425 1064 quoties
1467 1005 1604 1043 cum
1636 1003 1707 1043 eo
1756 983 2158 1057 consentiunt,

321 1090 709 1170 ejusdemque
738 1089 1059 1149 lectionem
1097 1087 1429 1148 literariam
1463 1086 1796 1157 stabiliunt,
1831 1089 2160 1168 perpende-

319 1216 540 1266 remUS,
573 1215 782 1254 eorum
810 1193 1149 1254 versionem
1180 1193 1255 1252 ad
1284 1193 1496 1253 Mosen
1521 1200 1581 1252 et
1612 1192 1939 1272 prophetas
1971 1195 2159 1272 probe

318 1298 744 1378 intelligendos
762 1298 1090 1378 plurimum
1113 1298 1313 1357 valere
1338 1318 1515 1356 nemo
1538 1317 1805 1376 unquam
1833 1296 2156 1359 dubitaret.

403 1403 698 1474 Secundo,
725 1402 938 1462 Versio
963 1400 1338 1461 LXXviralis
1361 1400 1567 1481 magni
1598 1421 1835 1481 semper
1862 1401 2160 1461 aestiman-

318 1509 411 1579 da,
461 1517 522 1568 et
567 1508 628 1568 in
658 1516 947 1588 promptu
986 1506 1288 1586 theologis
1333 1506 1627 1577 habenda,
1662 1527 1782 1585 quo
1814 1506 2161 1568 testimonia

316 1614 394 1673 ab
425 1612 713 1693 apostolis
756 1611 1126 1692 reliquisque
1159 1611 1313 1671 Novi
1344 1610 1618 1671 Foederis
1656 1610 2052 1691 scriptoribus
2081 1613 2159 1672 ad

316 1718 694 1796 probandum
725 1718 766 1776 J
770 1739 938 1777 esum
980 1738 1107 1777 esse
1139 1715 1464 1787 Christum,
1513 1724 1573 1775 et
1605 1715 1925 1775 veritatem
1956 1715 2158 1776 Chris-

313 1820 496 1881 tianae
542 1821 854 1902 religionis
903 1821 1344 1890 illustrandam,
1394 1841 1469 1880 ex
1507 1819 1717 1879 Veteri
1768 1820 2157 1881 Testamento

315 1925 673 2006 deprompta
705 1927 1157 1997 confirmentur,
1207 1933 1267 1985 et
1299 1926 1374 1985 ab
1407 1924 1572 1985 omni
1619 1925 1976 2005 exceptione
2008 1925 2157 1986 libe-

311 2041 541 2092 rentur.
631 2034 817 2093 “Hoc
865 2033 1025 2093 enim
1067 2030 1433 2113 generaliter
1480 2032 1942 2102 observandum,
1993 2033 2156 2112 quod

312 2148 344 2171 ‘⁶
365 2137 710 2218 ubicunque
742 2138 935 2199 sancti
955 2137 1234 2218 Apostoli
1265 2145 1371 2197 aut
1395 2136 1732 2217 Apostolici
1756 2136 1870 2196 viri
1901 2137 2156 2216 loquun-

311 2253 342 2275 “
362 2251 464 2302 tur
493 2242 567 2302 ad
598 2243 870 2322 popuIOS‚
906 2242 977 2302 iis
1009 2243 1368 2322 plerumque
1406 2241 1767 2301 testimoniis
1798 2243 2152 2313 abutuntur,

311 2344 447 2424 “(id
495 2354 604 2415 est,
648 2353 946 2425 utuntur,)
998 2367 1133 2425 quae
1172 2346 1298 2425 jam
1352 2345 1592 2404 fuerant
1640 2344 1700 2404 in
1742 2345 2025 2425 gentibus
2070 2346 2154 2405 di-

312 2450 657 2530 “vulgata,'’
706 2449 830 2509 scil.
884 2471 959 2509 ex
1005 2449 1509 2529 interpretatione
1541 2450 1725 2521 LXX,
1767 2457 1835 2508 ut
1876 2449 2152 2530 loquitur

310 2554 371 2615 S.
422 2554 865 2634 Hieronymus&
954 2555 1034 2614 Et
1085 2563 1248 2615 recte
1303 2554 1548 2635 quidem
1600 2556 1987 2615 observatum
2041 2563 2147 2627 est,

311 2659 639 2739 Apostolos
684 2668 745 2719 et
786 2659 1169 2738 Apostolicos
1216 2660 1376 2720 viros
1423 2660 1772 2721 testimonia
1817 2681 1893 2719 ex
1934 2660 2149 2720 Graeco

310 2785 646 2844 usurpasse,
679 2786 815 2825 cum
848 2767 1244 2846 loquerentur
1276 2775 1306 2799 ‘⁶
1324 2767 1399 2826 ad
1424 2766 1681 2847 populos
1703 2767 1753 2838 ;’'
1791 2787 1911 2826 non
1942 2774 2147 2826 tamen

309 2869 424 2929 hoc
480 2890 616 2930 cum
674 2870 1053 2931 restrictione
1112 2870 1562 2951 accipiendum:
1624 2871 1701 2930 ad
1754 2891 2146 2950 quoscunque

311 2973 471 3034 enim
501 2975 850 3054 loquuntur,
894 2983 999 3034 aut
1031 2996 1394 3055 quocunque
1444 2974 1625 3034 modo
1666 2973 1954 3045 scribunt,
1987 2995 2145 3053 saepe

309 3077 656 3138 testimonia
696 3100 770 3138 ex
802 3079 1123 3140 Seniorum
1156 3079 1429 3139 versione
1461 3079 1843 3158 depromunt.
1934 3078 1992 3140 S.
2021 3079 2146 3138 Ire-

310 3205 492 3256 naeUS,
524 3183 626 3245 lib.
659 3183 738 3245 iii.
771 3206 818 3244 c.
848 3187 949 3243 25.
1040 3183 1332 3244 “Etenim
1361 3182 1655 3264 Apostoli,
1705 3204 1843 3243 cum
1891 3183 2011 3243 sint
2051 3182 2142 3243 his

309 3296 342 3321 “
361 3287 640 3349 omnibus
670 3289 1044 3360 vetustiores,
1076 3296 1409 3348 consonant
1445 3287 1749 3368 praedictae
1781 3287 2143 3367 interpreta-

310 3393 527 3463 “tioni‚
574 3402 634 3453 et
682 3393 1103 3473 interpretatio
1152 3401 1441 3454 consonat
1477 3393 1911 3473 Apostolorum
1954 3392 2141 3452 tradi-

673 3511 686 3538 t
722 3512 906 3567 Quaest.
934 3511 1082 3558 Hebr.
1110 3528 1157 3573 p.
1185 3524 1286 3570 371.
1310 3510 1360 3557 in
1385 3510 1505 3558 Gen.
1533 3509 1647 3558 xlvi.
1676 3511 1743 3555 26.
