2293 3872
200 188 273 237 22
459 184 734 252 Praefatio
778 182 1126 233 Paraerzecica
1166 182 1224 232 in
1270 180 1378 233 Vet.
1410 180 1548 232 Test.
1590 180 1759 231 Graec.

201 349 413 411 animo
457 368 597 409 meo.
705 345 859 405 Cum
907 342 1068 403 enim
1113 363 1253 423 pars
1297 341 1600 421 posterior
1644 340 1925 402 versiculi
1970 340 2053 400 ad·

188 453 431 534 justum
460 450 781 533 pertineat,
826 457 896 508 ut
937 456 1101 508 recte
1132 447 1640 527 Theophylactus,
1681 446 1774 506 ἐὰν
1816 443 1871 504 δὲ
1920 446 2047 504 ὑπο-

201 564 496 628 στείληται
529 557 556 617 ὁ
591 554 806 625 δίκαιος,
841 554 1003 613 Beza
1027 574 1166 613 eum
1199 551 1426 632 duplici
1455 551 1693 611 ratione
1726 550 2048 610 excludere

203 672 456 723 conatus
515 669 621 733 est,
681 659 947 740 primurn
1006 657 1424 718 interserendo
1484 678 1838 737 pronomen,
1894 657 2049 736 quie,

203 768 466 828 secundo
512 769 565 826 ἐν
607 767 756 844 αὐτῷ
802 787 837 825 a
880 785 1156 845 persona,
1199 763 1295 823 cui
1341 763 1652 843 competit,
1699 763 1775 822 ad
1820 762 2050 821 factum

202 871 639 932 transferendo
718 871 813 929 Ex
839 890 958 949 quo
991 870 1124 929 loco
1159 889 1340 948 quam
1373 876 1651 948 suspecta
1675 868 1895 927 debeat
1924 889 2050 927 esse

204 979 331 1058 ejus
361 974 695 1046 translatio,
730 995 908 1034 nemo
941 973 1149 1042 nescit,
1183 971 1286 1052 qui
1320 973 1538 1052 quibus
1576 972 1959 1053 opinionibus
1989 972 2050 1032 in

203 1080 513 1161 theologia
560 1078 883 1140 adhaeserit
930 1078 1117 1138 novit.
1210 1078 1536 1158 Utcunque
1587 1078 1680 1149 sit,
1727 1077 2051 1158 scriptores

204 1187 359 1248 Novi
408 1184 793 1256 Testamenti,
842 1183 1074 1264 Spiritu
1126 1184 1349 1244 Sancto
1398 1193 1581 1256 actOS,
1638 1206 1775 1245 cum
1824 1184 2051 1264 ubique

204 1295 328 1356 fere
368 1292 716 1354 testimonia
764 1314 837 1352 ex
883 1290 1091 1352 Veteri
1138 1291 1399 1351 Foedere
1448 1289 1593 1371 ipsis
1639 1290 1808 1349 LXX
1853 1289 2052 1350 verbis

206 1401 583 1480 depromant,
619 1419 741 1458 non
781 1406 909 1457 tarn
954 1396 1330 1457 excusandos
1368 1417 1494 1456 esse
1526 1395 1736 1467 sentio,
1771 1395 1932 1475 quod
1964 1394 2053 1454 ni-

205 1504 318 1566 mis
350 1512 440 1565 est
473 1503 768 1573 dilutum3
816 1501 962 1582 quin
993 1502 1195 1582 potius
1227 1501 1551 1561 videndum
1601 1522 1805 1561 annon
1845 1508 2053 1560 textus

206 1609 546 1670 Hebraicus
595 1629 805 1668 eorum
854 1605 1423 1686 interpretationem
1470 1607 1626 1667 ferre
1675 1606 1879 1686 possit,
1931 1627 2051 1686 quo

207 1723 268 1775 et
312 1713 553 1774 Veteris
602 1711 977 1773 Testamenti
1023 1733 1233 1772 sensus
1276 1711 1500 1772 rectius
1548 1710 1941 1791 intelligatur,
1992 1719 2053 1771 et

207 1819 362 1879 Novi
408 1817 737 1878 auctoritas
783 1818 975 1896 magis
1017 1818 1424 1876 confirmetur.

292 1923 510 1994 Tertio,
571 1921 945 1981 LXXviralis
985 1920 1198 1980 Versio
1250 1942 1370 1980 non
1422 1928 1662 1980 tantum
1717 1920 1793 1980 ad
1845 1929 2052 1980 aucto-

207 2029 450 2088 ritatem
493 2019 928 2107 Apostolorum
972 2026 1454 2085 conservandum
1496 2024 1829 2105 plurimum
1873 2026 2051 2098 valet,

207 2156 418 2194 verum
464 2132 649 2193 etiam
690 2132 765 2191 ad
809 2131 1048 2190 Novum
1089 2131 1571 2190 Instrumentum
1624 2138 1788 2190 recte
1834 2129 2052 2189 intelli-

206 2238 473 2318 gendum
505 2245 564 2296 et
596 2244 875 2295 accurate
923 2234 1348 2314 explicandum
1387 2256 1681 2314 perquam
1714 2234 2051 2294 necessaria

209 2350 320 2403 est.
412 2340 749 2420 Scriptores
787 2339 947 2399 enim
983 2339 1137 2399 sacri
1167 2339 1323 2399 Novi
1351 2339 1626 2399 Foederis
1658 2361 1779 2399 non
1810 2347 2050 2399 tantum

210 2470 286 2507 ex
316 2446 525 2506 Veteri
552 2446 902 2525 frequenter
943 2445 1295 2504 testimonia
1328 2445 1688 2524 producunt,
1733 2445 1835 2504 sed
1867 2444 2052 2505 etiam

209 2553 421 2612 Mosen
472 2560 531 2611 et
563 2551 900 2630 Prophetas
949 2549 1177 2629 ubique
1228 2549 1521 2610 doctrinae
1554 2550 1915 2609 Christianae
1961 2570 2052 2609 ac-

211 2656 615 2725 commodant,
649 2676 866 2734 resque
900 2655 1199 2715 Hebraico
1233 2677 1509 2715 sermone
1542 2663 1682 2715 ante
1721 2654 2052 2734 descriptas

212 2759 438 2821 Graecis
470 2759 667 2819 verbis
698 2760 982 2830 tradunt3
1031 2761 1194 2839 quod
1225 2760 1355 2820 fieri
1390 2761 1550 2819 haud
1581 2759 1759 2818 alit-er
1791 2760 1915 2818 fere
1948 2781 2051 2838 po-

211 2864 347 2933 tuit,
369 2885 550 2943 quam
575 2874 641 2922 ut
663 2864 826 2923 modi
851 2864 1249 2943 formulaeque
1274 2864 1563 2943 loquendi
1584 2862 1860 2923 Hebraeis
1882 2863 2052 2922 fami-

212 2969 406 3039 liareS,
430 2966 654 3028 Graecis
673 2967 998 3047 incognitae
1017 2977 1120 3027 aut
1143 2969 1356 3027 saltem
1378 2967 1701 3037 inusitatae,
1726 2967 2052 3027 redderent

214 3095 424 3133 eorum
456 3072 679 3152 scripta
709 3073 779 3132 iis
801 3072 902 3153 qui
923 3074 1133 3133 Graece
1160 3082 1398 3132 tantum
1434 3072 1655 3132 scirent
1681 3071 2045 3131 obscuriora.

214 3179 360 3236 Haec
408 3186 611 3236 autem
655 3177 988 3237 obscuritas
1036 3178 1169 3237 tolli
1218 3186 1323 3236 aut
1371 3177 1661 3236 illustrari
1715 3177 1880 3235 nullo
1930 3176 2049 3236 alio

212 3283 392 3341 modo
425 3282 638 3361 potuit,
674 3304 853 3361 quam
887 3304 962 3342 ex
993 3282 1243 3342 scientia
1286 3282 1643 3341 idiomatum
1675 3280 1897 3360 linguae
1930 3281 2050 3340 He-

214 3386 447 3458 braicae,
470 3408 589 3466 qua
613 3387 935 3466 conscripti
965 3386 1199 3446 codices
1220 3385 1576 3466 prophetici,
1598 3406 1749 3464 quos
1769 3368 2049 3464 Apostoli

215 3492 438 3571 ubique
468 3492 594 3550 fere
623 3491 967 3570 respiciunt,
1006 3501 1066 3550 et
1107 3513 1226 3571 qua
1259 3491 1444 3551 locuti
1476 3498 1615 3550 sunt
1647 3488 1871 3549 Christi
1902 3497 2047 3548 tem-

216 3618 360 3677 pore
413 3595 631 3665 Judaei,
704 3596 779 3655 ab
852 3595 1180 3676 antiquiori
1241 3595 1590 3676 puriorique
1667 3595 2048 3674 aliquantum

217 3700 462 3771 deflexa,
499 3700 573 3759 ad
617 3721 874 3778 quorum
917 3721 1114 3759 mores
1153 3700 1484 3779 modosque
1531 3697 1818 3778 loquendi
1866 3697 2047 3757 disse·
2132 3765 2142 3776 ᾖ
