2245 3808
473 379 1006 443 PRAEFATIO
1076 381 1746 447 PARAENETIOA

384 580 463 617 AD
491 581 673 618 VETUS
703 582 1131 621 TESTAMENTUM
1160 584 1420 622 GRAECUM
1445 586 1523 622 EX
1553 587 1837 625 VERSIONE

606 678 1011 715 SEPTUAGINTA
1039 679 1468 725 1NTERPRETUM,
1493 681 1618 718 ETC.

314 1067 435 1126 UM
479 1068 673 1127 multa
717 1068 835 1128 sint
870 1090 1004 1148 quae
1051 1070 1123 1129 de
1156 1070 1429 1131 versione
1461 1072 1820 1143 LXXvirali,
1867 1074 2026 1154 typis
2068 1056 2074 1059 ¹

353 1171 709 1231 academicis
747 1171 1054 1252 impressa,
1088 1173 1204 1234 dici
1234 1184 1495 1254 possent,
1533 1198 1604 1235 ea
1639 1185 1879 1236 tantum
1912 1178 2026 1238 hoc

190 1276 325 1336 loco
372 1276 665 1336 tradenda
721 1276 882 1348 duxi,
946 1300 1080 1357 quae
1129 1278 1394 1338 animum
1449 1280 1771 1360 theologiae
1824 1282 2024 1342 studio

190 1380 497 1439 addictum
546 1380 622 1439 ad
666 1402 799 1440 eam
849 1382 1084 1441 assidue
1125 1384 1594 1462 pervolvendam
1642 1393 1703 1444 et
1746 1393 2024 1445 accurate

190 1484 678 1563 perpendendam
704 1484 965 1544 maxime
990 1485 1323 1565 impellant,
1397 1488 1608 1567 Neque
1633 1509 1774 1548 vero
1801 1489 1874 1548 de
1899 1490 2024 1568 ejus

189 1587 555 1667 antiquitate
621 1588 1037 1669 dignitateque
1108 1590 1429 1670 quicquam
1499 1591 2024 1671 inpraesentiarum

191 1692 474 1763 dicemUS,
513 1694 586 1753 de
636 1692 855 1772 quibus
901 1693 1014 1752 viri
1056 1694 1217 1753 docti
1266 1696 1473 1765 multa,
1523 1696 1638 1756 hoc
1686 1697 2022 1776 praesertim

190 1796 424 1866 saecu10,
469 1796 796 1875 scripsere;
841 1798 944 1875 qui
992 1817 1129 1856 cum
1182 1797 1443 1858 maxime
1490 1798 1651 1859 inter
1693 1821 1754 1860 se
1802 1800 2023 1860 dissen-

187 1898 359 1971 tiant,
416 1900 567 1958 nihil
624 1900 819 1959 adhuc
875 1901 1020 1961 satis
1072 1901 1222 1961 certi
1275 1910 1334 1961 et
1394 1903 1693 1982 explorati
1741 1904 2023 1964 videntur

191 2003 526 2064 tradidisse.

273 2107 480 2166 Primo
537 2106 743 2186 itaque
792 2107 1130 2168 versionem
1173 2109 1330 2169 hanc
1385 2109 1763 2190 frequentius
1810 2133 2022 2173 consu-

188 2211 429 2272 lendam
505 2211 973 2291 diligentiusque
1048 2213 1472 2273 excutiendam
1547 2215 1825 2287 arbitror,
1901 2238 2021 2296 quo

188 2315 402 2376 melius
433 2316 670 2376 Veteris
700 2316 1070 2376 Testamenti
1109 2338 1277 2377 mens
1314 2317 1708 2398 intelligatur,
1748 2328 1808 2379 et
1837 2320 2021 2380 Mosis

188 2420 755 2501 Prophetarumque
780 2441 989 2480 sensus
1009 2420 1295 2500 liquidior
1315 2430 1627 2501 appareat.
1686 2423 1838 2482 Cum
1860 2424 2019 2483 enim

187 2533 393 2585 textus
404 2524 755 2596 Hebraicus,
771 2525 1280 2604 quemadmodum
1302 2526 1463 2604 apud
1483 2547 1593 2586 nos
1611 2526 1789 2586 hodie
1804 2536 2018 2599 exstat,

189 2637 250 2688 et
308 2629 404 2689 vel
460 2629 819 2688 Judaeorum
872 2628 967 2687 vel
1028 2628 1512 2689 Christianorum
1571 2631 2019 2691 commentariis

190 2741 521 2804 enarratur,
567 2754 722 2812 saepe
766 2733 1055 2792 obscurus
1103 2732 1215 2805 sit;
1277 2734 1338 2792 hi
1380 2733 1742 2814 interpretes
1781 2735 2019 2795 facilem

189 2836 513 2916 aliquando
561 2858 818 2907 sensum,
866 2845 1164 2916 apertum,
1214 2845 1274 2897 et
1323 2837 1683 2898 concinnum
1725 2841 2015 2919 praebent.

190 2942 414 3001 Fateor
444 2941 722 3021 equidem
759 2942 918 3001 hunc
945 2941 1283 3021 explicandi
1313 2943 1579 3013 modum,
1608 2965 1644 3003 a
1672 2944 2020 3004 Senioribus

189 3045 307 3105 illis
337 3046 636 3117 haustum,
670 3067 790 3105 non
815 3046 876 3104 in
902 3067 972 3105 eo
996 3046 1192 3125 pretio
1217 3047 1377 3125 apud
1399 3048 1718 3127 plerosque
1748 3069 1874 3107 esse
1900 3070 2018 3127 quo

189 3150 476 3229 oportuit,
519 3171 593 3209 ex
643 3149 925 3229 opinione
964 3149 1141 3209 nimis
1181 3152 1550 3230 pervulgata,
1602 3152 2016 3211 LXXviralem

190 3253 415 3313 scilicet
447 3254 784 3314 versionem
832 3275 959 3313 esse
1007 3255 1082 3313 ab
1122 3254 1422 3314 Hebraica
1461 3255 1716 3314 veritate
1760 3257 2019 3315 maxime

190 3356 487 3428 alienam3
556 3356 929 3436 eandemque
997 3357 1437 3436 interpretandi
1492 3360 1789 3418 rationein
1846 3359 2019 3418 video

191 3460 385 3519 multo
413 3460 860 3520 invidiosiorem
893 3462 968 3519 ab
997 3460 1068 3520 iis
1099 3461 1441 3520 hominibus
1475 3463 1693 3521 factam
1726 3483 1868 3531 esse,
1899 3462 2020 3540 qui,

1759 3580 1854 3625 Ae
