2245 3808
441 147 706 214 Praffatio
743 148 1082 201 Paroenetica
1123 152 1180 202 in
1221 154 1322 204 Vet.
1365 154 1505 207 Test.
1547 156 1720 209 Grcec.
1941 163 2008 213 19

177 309 363 362 tatur.
454 304 712 384 Sumpta
762 314 966 366 autem
1013 317 1153 368 sunt
1202 330 1276 368 ex
1325 312 1550 373 Habac.
1602 313 1657 374 ii.
1690 319 1746 375 4.
1799 319 2007 379 ordine

174 413 414 465 tantum
436 406 687 480 inverso,
712 431 830 489 quo
855 411 1070 471 melius
1094 433 1195 473 eos
1219 436 1254 473 a
1273 414 1445 493 lapsu
1469 417 1795 491 deterreat3
1826 421 2006 503 idque

175 511 505 570 secundum
553 513 888 574 versionem
938 516 1122 576 LXX.
1222 519 1397 588 Quod
1448 519 1583 580 ideo
1631 522 1745 581 fuit
1794 534 2008 585 notan-

178 614 339 685 dum,
373 624 441 674 ut
472 617 808 697 perspicere
839 620 1149 698 possimus
1179 623 1373 701 qualis
1405 623 1480 683 sit
1522 624 1626 685 illa
1666 628 2004 690 observatio

177 719 233 779 S.
254 720 621 801 Hieronymi,
650 744 830 803 quam
855 725 930 783 ad
960 726 1117 785 hunc
1139 727 1449 806 prophetae
1472 729 1671 789 locum
1697 733 1950 811 protulit
1962 742 2002 795 y:

173 831 203 854 ‘⁶
225 823 416 884 Porro
446 826 601 904 quod
630 828 961 907 Apostolus
985 829 1152 888 LXX
1182 830 1373 910 magis
1401 832 1751 894 testimonio
1782 838 2004 898 abusus

172 936 202 958 ‘⁶
223 936 312 987 est
349 930 422 988 ad
458 931 766 991 Romanos
807 932 1086 1003 scribenS,
1128 936 1350 994 „fustus
1379 947 1580 997 autem
1611 958 1684 998 em
1705 941 1840 1014 fide
1868 961 2002 1002 mea

172 1032 389 1105 “vivet,
440 1042 499 1093 et
547 1056 668 1094 non
718 1057 788 1095 eo
839 1037 999 1115 quod
1039 1038 1300 1097 habetur
1345 1039 1408 1098 in
1456 1042 1771 1115 HebraicO,
1824 1066 2002 1106 causa

172 1145 203 1168 ‘⁶
224 1137 539 1217 perspicua
558 1148 662 1198 est.
700 1140 1013 1200 Scribebat
1036 1142 1195 1201 enim
1218 1143 1522 1215 RomaniS,
1538 1146 1640 1225 qui
1660 1147 2003 1227 Scripturas

170 1250 200 1272 ‘⁶
221 1242 549 1303 Hebraicas
571 1244 947 1305 nesciebant:
989 1268 1098 1306 nec
1124 1255 1253 1306 erat
1278 1248 1330 1306 ei
1356 1270 1499 1308 cura
1520 1249 1592 1309 de
1617 1252 1828 1322 verbiS,
1862 1274 2000 1313 cum

168 1356 199 1378 ‘⁶
222 1368 428 1407 sensus
454 1358 608 1408 esset
639 1348 701 1408 in
728 1357 882 1421 tut0,
918 1358 978 1410 et
1007 1351 1292 1410 damnum
1320 1374 1394 1412 ex
1420 1374 1489 1412 eo
1513 1375 1776 1434 praesens
1802 1356 2001 1436 dispu-

166 1452 370 1511 “tatio
402 1474 522 1513 non
553 1455 834 1516 habebat.
907 1456 1197 1536 Alioquin
1226 1456 1581 1537 ubicunque
1609 1459 1878 1521 diversus
1909 1470 1999 1522 est

167 1564 442 1629 α89118119,
483 1566 543 1618 et
584 1558 760 1618 aliter
807 1558 1064 1638 scriptus
1107 1568 1198 1618 est
1247 1560 1305 1619 in
1355 1561 1669 1632 Hebraico,
1713 1563 1889 1623 aliter
1936 1564 1997 1624 in

167 1669 198 1692 “
217 1662 400 1732 LXX,
432 1671 577 1723 nota
605 1685 742 1724 eum
772 1665 861 1723 uti
903 1665 993 1724 his
1031 1665 1408 1736 testimoniis,
1441 1688 1574 1746 quae
1606 1689 1640 1726 a
1667 1668 1998 1730 Gamaliele

167 1773 197 1796 ‘⁶
220 1766 465 1826 doctore
517 1767 665 1847 legis
717 1767 1060 1829 didicerat.'’
1150 1769 1268 1829 Ubi
1313 1772 1750 1830 observandum
1801 1773 1997 1853 primo

164 1870 375 1950 legisse
409 1872 465 1932 S.
498 1872 953 1951 Hieronymum,
988 1895 1113 1953 cap.
1151 1874 1184 1934 i.
1222 1897 1270 1935 v.
1308 1875 1399 1936 17.
1433 1877 1507 1934 ad
1540 1877 1711 1936 Rom.
1764 1898 1838 1938 6oe
1864 1880 1998 1955 fide

167 1996 299 2036 mea
320 2000 338 2044 ,·
385 1998 521 2036 cum
567 1999 676 2037 nec
722 1978 783 2036 in
815 1979 1043 2038 Graecis
1075 2001 1184 2039 nec
1225 1980 1283 2039 in
1318 1980 1545 2041 Latinis
1576 1981 1880 2042 codicibus
1910 1983 1997 2042 ita

165 2103 323 2141 nunc
362 2082 618 2162 legatur,
661 2084 762 2142 sed
805 2105 877 2144 ex
903 2085 1038 2161 fide
1068 2092 1349 2148 tantumz.
1438 2086 1508 2144 Id
1540 2094 1744 2145 autem
1776 2087 1994 2146 mirum

164 2185 342 2246 alicui
362 2187 652 2257 videatur,
674 2188 834 2266 quod
867 2188 1245 2248 doctissimus
1267 2189 1464 2259 Pater,
1488 2188 1591 2268 qui
1623 2188 1766 2247 alibi
1797 2190 1993 2249 solum

165 2292 220 2351 S.
251 2292 475 2351 Lucam
506 2292 865 2352 testimoniis
897 2314 972 2352 ex
991 2294 1158 2352 LXX
1186 2293 1474 2363 deductis,
1498 2293 1602 2352 nbi
1633 2295 1707 2353 ab
1733 2294 1993 2353 Hebraeo

164 2397 520 2477 discrepant,
553 2397 722 2457 abuti
759 2398 1117 2469 contendita,
1150 2398 1208 2457 id
1241 2420 1401 2458 nunc
1434 2399 1506 2458 de
1539 2399 1595 2458 S.
1630 2399 1822 2458 Paulo
1855 2419 1995 2458 con-

163 2502 351 2573 cedat,
401 2511 462 2562 et
511 2502 807 2562 rationem
855 2503 1085 2575 reddat,
1138 2503 1299 2583 quod
1348 2502 1640 2562 Romanis
1688 2501 1992 2573 scriberet,

162 2616 196 2640 ‘⁶
215 2607 316 2686 qui
343 2607 684 2688 Scripturas
711 2607 1039 2668 Hebraicas
1070 2607 1418 2667 nesciebant
1435 2608 1482 2678 ;’'
1513 2628 1585 2666 ac
1610 2606 1658 2666 si
1679 2607 1991 2678 Corinthii,

165 2711 416 2782 Galatae,
441 2711 702 2791 Ephesii,
734 2712 1091 2791 reliquique,
1120 2711 1310 2791 magis
1334 2711 1694 2770 Hebraicam
1724 2710 1992 2789 linguam

164 2815 467 2887 callerent,
502 2837 682 2895 quam
715 2815 989 2876 Romani.
1079 2814 1302 2874 Mirum
1349 2814 1543 2874 adhuc
1593 2813 1795 2893 magis,
1830 2814 1992 2893 quod

163 2928 391 2978 asserat
418 2920 473 2980 S.
497 2921 753 2979 Paulum
787 2919 927 2978 alibi
960 2940 1194 2998 semper
1226 2940 1299 2977 ex
1321 2917 1622 2978 Hebraico
1646 2917 1992 2977 testimonia

162 3030 368 3101 petere
386 3046 399 3095 3
443 3044 578 3083 cum
611 3023 735 3103 ipse
766 3031 1040 3093 testetur,
1073 3032 1104 3054 ‘⁶
1127 3021 1302 3080 Pauli
1343 3021 1563 3080 idcirco
1595 3021 1670 3080 ad
1700 3021 1991 3079 Hebraeos
2021 3044 2029 3088 f

163 3136 194 3159 ‘⁶
216 3125 503 3206 Epistolae
523 3127 960 3187 contradictum
984 3108 1311 3206 esse‚quod⁸
1321 3126 1397 3185 ad
1418 3127 1706 3185 Hebraeos
1727 3124 1989 3184 scribens

229 3327 250 3356 y
286 3321 552 3370 Comment.
579 3323 627 3369 in
654 3324 864 3381 Abacuc,
888 3320 1026 3370 libi.
1117 3323 1179 3371 vi.
1208 3340 1247 3381 3.
1276 3321 1298 3381 ἕ
1326 3323 1426 3369 xlii,
1498 3322 1715 3369 “Justus
1747 3326 1903 3367 autem
1930 3337 1989 3366 ex

164 3415 265 3460 cap.
284 3415 321 3443 2.
337 3406 454 3448 tom.
474 3401 537 3449 vi.
559 3419 606 3464 p.
626 3404 724 3447 612.
740 3403 1029 3449 ed.Vallars.
1117 3402 1146 3424 “
1162 3401 1256 3448 fide
1279 3418 1384 3448 mea
1407 3402 1579 3448 vivet.''

227 3485 245 3504 ²
279 3479 457 3526 Locum
485 3497 544 3526 ex
567 3482 799 3543 propheta
820 3482 893 3529 bis
918 3482 1033 3529 citat
1183 3486 1200 3503 ³
1235 3480 1348 3526 Vid.
1391 3478 1677 3540 Hieronymi
1718 3478 1984 3525 comment.

164 3555 210 3602 S.
239 3557 523 3618 Cyprianus,
562 3559 692 3606 Adv.
730 3560 923 3607 -Judaeos
946 3560 977 3607 i.
1008 3560 1031 3622 ᾧ
1118 3561 1168 3606 in
1188 3560 1296 3606 Isai.
1314 3559 1396 3606 lib.
1413 3557 1477 3604 iii.
1496 3575 1534 3604 c.
1555 3558 1617 3603 vi.
1635 3563 1749 3603 tom.
1765 3556 1828 3603 iv.
1849 3573 1895 3618 p.
1913 3569 1983 3615 97.

1728 3656 1815 3698 BQ
