2245 3808
463 129 732 198 I’rcaf’atio
768 128 1108 180 Paroenetica
1148 129 1207 179 in
1248 130 1351 181 Vet.
1390 131 1527 182 Test.
1570 132 1744 183 Groec.
1964 133 2034 183 23

195 291 489 372 rendique
521 313 678 371 saepe
709 312 1048 351 sermonem
1074 291 1553 351 accommodant.
1645 292 1803 352 Hinc
1831 300 2033 352 autem

198 397 439 457 evenire
488 418 729 457 necesse
792 396 923 468 fuit,
973 404 1041 455 ut
1091 396 1304 457 Graeca
1347 394 1586 456 Veteris
1639 397 2035 456 Instrumenti

197 501 391 562 versio
448 501 524 560 ad
584 500 807 580 scripta
859 499 1191 580 apostolica
1253 499 1647 579 intelligenda
1705 499 2033 579 plurimum

197 607 516 666 conferret.
620 606 690 664 In
760 605 926 664 illam
985 604 1146 664 enim
1207 626 1414 664 omnes
1472 604 1759 664 idiotismi
1815 600 2035 665 veteris

197 709 418 789 linguae
451 708 767 768 Hebraicae
800 716 973 767 erant
1008 707 1313 777 transfusi,
1361 707 1420 766 in
1453 707 1560 767 illa
1589 708 2034 787 Prophetarum

197 835 406 874 sensus
439 814 649 873 Graece
683 811 1002 892 explicati3
1035 812 1121 870 illi
1148 811 1422 872 homines
1441 812 1652 883 Graeci,
1675 812 2030 891 quibuscum

197 916 497 997 praecipue
530 917 839 996 Apostolis
873 916 1186 996 negotium
1215 915 1347 987 fuit,
1381 916 1485 975 diu
1514 917 1754 976 fuerant
1786 916 2034 988 assueti;

198 1044 452 1102 eamque
512 1022 707 1102 primo
760 1022 981 1081 Divina
1032 1020 1425 1080 Providentia
1485 1021 1705 1080 factam
1771 1043 1881 1101 par
1947 1030 2036 1081 est

198 1129 459 1198 credere,
507 1136 574 1186 ut
618 1127 719 1207 qui
769 1126 988 1206 passim
1040 1134 1099 1185 et
1153 1125 1379 1205 ubique
1430 1146 1561 1184 eam
1611 1125 1913 1205 legissent,
1960 1127 2036 1186 ad

197 1232 583 1313 percipienda
626 1232 1060 1312 Apostolorum
1114 1231 1413 1310 dogmata,
1476 1251 1903 1310 sermonesque
1950 1230 2038 1290 in-

195 1337 572 1418 telligendOS‚
619 1340 834 1396 fierent
876 1335 1156 1415 aptiores.

281 1445 478 1504 Multa
507 1443 714 1522 itaque
745 1443 959 1502 Graeca
989 1452 1128 1500 sunt
1161 1440 1221 1499 in
1254 1442 1426 1500 Novo
1454 1440 1711 1500 Foedere
1744 1443 2037 1502 vocabula

198 1570 333 1628 quae
378 1571 451 1609 ex
492 1570 605 1608 usn
638 1548 864 1608 Graecae
912 1546 1133 1626 linguae
1178 1545 1437 1625 intelligi
1485 1567 1605 1605 non
1646 1556 1915 1625 possunt,
1964 1570 2037 1607 ex

199 1652 522 1713 collatione
562 1660 763 1711 autem
807 1672 944 1710 cum
987 1650 1264 1719 Hebraea,
1308 1656 1368 1708 et
1401 1670 1475 1708 ex
1507 1671 1619 1709 usu
1645 1651 1813 1709 LXX
1853 1650 2039 1711 inter-

197 1766 456 1838 pretum,
496 1755 669 1815 facile
701 1754 1145 1834 intelliguntur.
1241 1753 1402 1824 Quid
1435 1756 1591 1835 σάρξ,
1639 1754 1783 1834 quid
1815 1763 2036 1828 πνεῦμα,

199 1866 360 1946 apud
403 1867 646 1926 Graecos
696 1863 1018 1943 scriptores
1065 1862 1329 1932 denotet,
1374 1884 1550 1921 nemo
1595 1862 1814 1922 nescit:
1885 1872 1947 1922 at
1990 1863 2038 1922 si

200 1993 407 2031 omnes
436 1970 495 2029 in
523 1969 871 2028 universum
903 1988 1126 2038 59115115,
1155 1967 1373 2046 quibus
1398 1966 1490 2026 his
1512 1966 1818 2026 vocabulis
1841 1967 2037 2027 Graeci

201 2075 293 2136 1151
324 2084 482 2145 sunt,
519 2079 966 2141 recenseantur,
1007 2072 1210 2130 nullus
1260 2070 1505 2130 omnino
1544 2070 1899 2142 invenietur,
1934 2071 2037 2151 qui

200 2188 467 2240 mentem
488 2178 921 2258 Apostolorum
944 2176 1216 2254 attinget.
1278 2176 1431 2234 Cum
1451 2175 1610 2234 enim
1633 2165 1767 2249 Ἳξᾶᾟ
1791 2196 2038 2237 carnem

200 2285 442 2365 proprie
483 2284 794 2364 significet,
837 2283 1045 2342 eadem
1085 2289 1291 2340 tamen
1324 2302 1442 2339 vox
1476 2280 1550 2339 ab
1586 2280 1859 2340 Hebraeis
1892 2302 2037 2340 non-

202 2410 512 2468 nunquam
537 2409 646 2468 pro
674 2388 916 2448 homine
945 2387 1091 2466 ipso,
1117 2385 1440 2465 aliquando
1469 2405 1587 2462 pro
1616 2386 1894 2445 humana
1927 2407 2038 2445 iicl-

203 2505 363 2564 tura,
396 2514 550 2572 saepe
575 2513 684 2571 pro
717 2491 985 2571 ejusdem
1010 2499 1245 2549 naturae
1273 2489 1692 2560 imbecillitate,
1726 2499 1829 2549 aut
1856 2490 2037 2550 etiam

202 2599 544 2669 vitiositate,
565 2604 909 2676 usurpetur,
940 2594 1082 2654 etin
1105 2595 1215 2654 hac
1235 2616 1518 2654 sensuum
1545 2593 1835 2653 varietate
1861 2595 2038 2654 unica

205 2724 349 2762 voce
400 2705 596 2780 σαρκὸς
646 2723 681 2761 a
725 2701 893 2760 LXX
938 2699 1260 2769 reddatur3
1317 2699 1456 2758 hinc
1503 2698 1742 2758 evenire
1796 2720 2036 2759 necesse

205 2820 293 2865 est
326 2815 393 2865 ut
423 2806 659 2886 quoties
685 2804 963 2885 Apostoli
995 2825 1065 2864 eo
1097 2825 1275 2863 sensu
1299 2812 1609 2882 usurpent,
1636 2824 1813 2882 quem
1842 2802 2037 2862 Graeci

205 2920 437 2970 veteres
471 2911 631 2970 haud
667 2917 1059 2989 agnoverunt,
1094 2930 1169 2966 ex
1201 2907 1461 2966 Hebraeo
1501 2905 1787 2964 idiomate
1820 2913 1879 2964 et
1911 2927 2036 2966 ver-

207 3016 370 3076 sione
401 3017 567 3075 LXX
599 3015 955 3095 explicetur.
1022 3013 1105 3072 Ut
1133 3010 1604 3071 celebratissimo
1636 3011 1768 3068 loco
1800 3009 2035 3088 legitur,

208 3123 291 3179 καὶ
324 3123 351 3179 ὁ
386 3122 568 3198 Λόνγος
601 3121 749 3201 σάρξ
778 3120 1030 3196 ἐγένετο,
1065 3116 1226 3196 quod
1260 3116 1383 3175 sine
1416 3116 1541 3173 ulla
1572 3124 1843 3173 veterum
1876 3114 2038 3173 Grae-

209 3238 415 3284 corum
441 3223 819 3291 auctoritate,
851 3229 910 3281 et
933 3229 1137 3279 tamen
1164 3228 1344 3290 recte,
1370 3218 1656 3288 redditur,
1686 3229 1738 3278 et
1766 3219 2035 3289 Verbum,

209 3329 331 3388 sive
372 3330 603 3398 Sermo,
649 3329 821 3387 homo
848 3329 1063 3402 sactus
1097 3334 1194 3395 est,
1245 3323 1367 3383 sive
1400 3324 1727 3381 humanam
1759 3332 2035 3380 naturam

210 3432 421 3491 induit.
511 3432 590 3489 Ei]
626 3433 682 3507 εξ
724 3431 907 3510 ἔργων
946 3429 1103 3493 νόμον
1145 3429 1203 3487 ου’
1238 3426 1644 3496 δικαιωθήσεται
1678 3433 1834 3484 πᾶσα
1877 3426 2034 3503 σὰρξ,

205 3536 269 3594 >id
319 3544 423 3606 est,
473 3536 644 3595 homo
691 3533 1032 3612 quisquam,
1087 3540 1154 3590 ut
1203 3532 1426 3590 Psalm.
1481 3529 1655 3588 cxliv.
1699 3529 1904 3605 (cxlv.)
1935 3531 2029 3588 21.

212 3639 519 3716 εὐλογείτω
555 3645 706 3697 πᾶσα
736 3639 878 3716 σὰρξ
917 3637 986 3695 r&
1025 3635 1190 3704 ’ὄνομα
1224 3636 1291 3693 τὸ
1335 3636 1512 3710 ἅγιον.
1608 3633 1762 3692 Hinc
1790 3632 2036 3711 phrases
