2293 3872
285 135 354 186 26
543 134 813 202 Praefatio
850 134 1196 187 Paroenetica
1232 135 1292 187 in
1340 136 1439 188 Vet.
1481 137 1620 189 Test.
1663 138 1836 190 Grcec.

284 303 488 355 tamen
536 317 607 354 ea
656 294 729 354 ad
774 294 1341 374 interpretationem
1374 298 1540 356 LXX
1574 298 1895 377 pertinere,
1946 307 2006 359 et
2048 302 2122 360 ad

284 398 414 477 ipsa
445 399 502 458 S.
537 397 911 458 Clementem
943 399 1311 478 respexisse3
1361 409 1420 460 et
1453 401 1712 481 objectio
1758 405 1833 461 ab
1864 403 2124 484 Origene

283 503 442 562 facta
482 524 517 562 a
555 503 791 561 Joanne
824 502 1162 583 Philopono
1193 503 1558 582 jamdudum
1598 512 1688 564 est
1730 504 1960 566 dilutas.
2051 508 2120 566 In

284 607 443 667 hunc
471 607 654 688 igitur
685 608 932 666 modum
974 608 1275 667 sententia
1307 609 1364 668 S.
1398 608 1728 668 Clementis
1773 609 1887 668 fuit
1920 610 2123 689 potius

284 713 730 784 conformanda,
765 713 1009 772 “Moles
1037 712 1313 772 immensi
1345 713 1527 773 maris
1560 714 1618 772 in
1651 713 1782 793 ipsa
1827 714 1918 775 sui
1961 736 2125 776 crea-

284 818 497 878 “tione
530 818 589 876 in
622 817 1118 898 congregationes
1170 839 1305 878 suas
1353 819 1623 889 collecta,
1677 819 1969 898 repagula
2010 819 2123 879 sibi

284 922 759 1002 “circumposita
806 943 925 981 non
977 921 1472 1002 transgreditur.”
1561 923 1890 983 Clementis
1939 924 2124 984 Alex-

281 1026 517 1087 andrini
557 1034 928 1107 Στρωματεῖς,
976 1048 1112 1086 cum
1166 1048 1238 1086 ex
1269 1027 1448 1087 variis
1495 1037 1814 1087 auctorum
1846 1036 2120 1088 veterum

283 1131 608 1203 sententiiS‚
643 1141 773 1191 tum
796 1153 938 1192 vero
966 1131 1269 1212 praecipue
1297 1153 1369 1191 ex
1396 1132 1594 1192 Sacris
1621 1132 1950 1212 Scripturis
1982 1143 2123 1195 sunt

281 1237 586 1298 contexti:
637 1259 743 1296 nec
789 1236 962 1296 ullibi
1010 1236 1199 1316 inagis
1246 1237 1483 1296 obscuri
1530 1237 1884 1310 redduntur,
1938 1260 2120 1319 quam

281 1342 382 1401 ubi
416 1341 735 1402 Seniorum
767 1342 952 1401 verba
995 1342 1158 1400 haud
1206 1349 1500 1401 notantur
1544 1350 1605 1401 et
1651 1363 1686 1401 a
1723 1341 1973 1422 reliquis
2006 1343 2122 1403 dis-

280 1447 658 1527 tinguuntur.
707 1446 807 1506 lib.
858 1469 893 1508 1.
985 1445 1210 1506 Παιδεία
1265 1445 1320 1505 δὲ
1372 1448 1778 1526 ἀνεξέλεγκτος
1822 1450 2118 1513 πλανᾶται,

279 1553 610 1632 interprete
660 1553 947 1622 HervetO,
989 1550 1373 1631 “Disciplina
1421 1560 1677 1631 vagatur
1723 1551 2120 1612 inconsutabi-

281 1657 472 1728 “lis;'’
547 1678 680 1736 quae
725 1658 910 1716 verba
962 1663 1021 1715 et
1063 1677 1171 1735 per
1223 1677 1284 1715 se
1332 1655 1482 1714 nihil
1529 1655 1884 1735 significant,
1933 1665 1992 1715 et
2044 1659 2120 1717 ab

280 1761 544 1821 auctoris
593 1761 871 1821 instituto
928 1760 1105 1840 plane
1146 1768 1286 1819 sunt
1328 1760 1541 1819 aliena.
1633 1759 1871 1839 Scripta
1917 1768 2120 1820 autem

280 1875 437 1938 sunt,
486 1867 645 1946 quod
688 1866 986 1946 interpres
1031 1866 1193 1925 haud
1237 1866 1679 1933 observaverat,
1728 1865 1904 1925 Prov.
1943 1888 1999 1924 X.
2027 1867 2119 1928 17.

279 1972 387 2032 Est
432 1980 632 2031 autem
684 1993 754 2031 eo
797 1973 928 2031 loco
969 1972 1385 2048 ἀνεξέλεγκτος,
1433 1960 1638 2033 ΠΠὲἩῑἿ
1688 1957 1790 2035 :itii
1837 1971 2121 2049 increpa-

277 2077 500 2138 tionem
536 2079 827 2148 deserens,
878 2085 983 2136 aut
1033 2085 1099 2135 ut
1140 2076 1316 2155 Vulg.
1362 2075 1734 2154 relinquens,
1791 2074 1824 2136 i.
1851 2098 1898 2136 e.
1957 2076 2119 2136 haud

278 2191 491 2261 potens
535 2182 915 2260 redarguere„
959 2182 1330 2251 convincere,
1376 2180 1667 2241 refellere.
1762 2181 1857 2240 Ita
1903 2182 2116 2240 saltem

200 2282 201 2285 '
278 2287 557 2346 Clemens
600 2286 988 2346 Solomonem
1048 2284 1368 2354 intellexit,
1428 2293 1494 2343 ut
1551 2306 1623 2344 ex
1675 2285 1860 2364 ipsius
1920 2286 2119 2346 verbis

278 2399 484 2471 patet:
530 2390 755 2450 Παιδεία
800 2389 854 2449 δὲ
899 2391 1304 2467 αἰιεξέλεγκτος
1355 2396 1649 2455 πλανᾶται,
1700 2394 1856 2471 φησὶ,
1889 2395 1970 2449 καὶ
2003 2391 2115 2472 χρή

277 2504 520 2563 μετεῖναι
571 2497 635 2555 τὸ
696 2497 1022 2574 ἐλεγκτικὸν
1084 2495 1217 2560 εἶδος
1274 2497 1428 2555 ἕνεκα
1492 2504 1591 2555 τοῦ
1658 2499 1756 2559 τάς
1820 2494 1971 2573 δόξας
2018 2499 2117 2559 τᾶς

277 2601 569 2670 cinon-m&
617 2599 989 2679 διακρούεσθαι
1034 2607 1140 2659 τῶν
1185 2608 1492 2680 σοφιστῶν.

364 2705 479 2764 Sed
514 2713 573 2763 et
615 2706 689 2763 ad
733 2705 977 2764 Latinos
1015 2706 1228 2764 Patres
1259 2726 1380 2765 non
1425 2703 1622 2762 minus
1657 2725 1838 2782 quam
1872 2704 2116 2764 Graecos

278 2818 440 2869 recte
490 2809 914 2889 intelligendos
960 2811 1336 2870 LXXviralis
1367 2809 1580 2869 Versio
1623 2791 1914 2888 perquam
1950 2810 2115 2870 utilis

279 2923 384 2984 est,
435 2914 555 2973 imo
605 2914 954 2975 necessaria.
1052 2915 1304 2985 Quoties
1345 2915 1503 2974 enim
1536 2912 1765 2992 aliquid
1799 2934 1873 2971 ex
1905 2914 2114 2974 Veteri

279 3020 533 3078 Foedere
566 3019 769 3090 citant,
800 3029 905 3078 aut
930 3020 1005 3079 ad
1030 3021 1228 3079 locum
1254 3019 1515 3099 aliquem
1541 3039 1901 3097 quocunque
1931 3019 2111 3079 modo

278 3123 624 3202 respiciunt,
674 3132 777 3183 aut
826 3124 937 3204 ipsi
970 3124 1247 3185 Seniores
1294 3125 1427 3184 illos
1479 3123 1973 3202 interpretantur,
2008 3132 2113 3182 aut

278 3279 306 3299 “
326 3276 375 3322 in
399 3276 501 3323 aliis
525 3294 712 3341 quoque
748 3278 972 3324 creaturis
1007 3279 1150 3326 habet
1235 3277 1316 3324 lib.
1343 3276 1408 3323 iii.
1437 3294 1474 3323 c.
1503 3294 1551 3323 v.

279 3357 308 3379 ⁶⁴
328 3364 373 3403 et
421 3356 742 3404 definitionem
802 3358 1147 3420 praeceptionis,
1300 3353 1316 3385 f
1346 3357 1519 3403 Joann.
1541 3355 1837 3416 Philoponus
1863 3353 1919 3399 de
1936 3353 2111 3399 Mundi

279 3435 308 3456 “
329 3439 374 3479 et
394 3433 644 3495 repetitum
673 3434 955 3496 operationis
982 3436 1054 3481 vel
1077 3435 1148 3481 in·
1235 3436 1497 3494 creatione.
1533 3435 1614 3481 lib.
1641 3434 1705 3480 iv.
1743 3451 1780 3479 c.
1808 3433 1871 3479 iv.
1933 3433 1978 3479 S.
2001 3434 2110 3480 Cle-

279 3515 309 3536 “
330 3512 519 3568 dicium,
546 3513 620 3558 vel
655 3514 889 3572 effe-ctum,
925 3513 1029 3560 ideo
1064 3532 1148 3561 nos
1233 3517 1404 3563 mentis
1429 3515 1518 3561 loci
1534 3513 1811 3570 versionem,
1832 3529 1936 3574 quae
1954 3513 2111 3574 sequi-

279 3594 307 3615 “
328 3609 419 3639 non
436 3598 662 3654 putamus
678 3593 932 3639 absurdum
955 3593 1001 3639 id
1020 3594 1148 3655 quod
1232 3601 1325 3651 tur,
1363 3609 1470 3639 cum
1506 3592 1664 3638 debita
1696 3592 1834 3637 laude
1867 3591 2108 3646 Pearsoni‚

279 3671 307 3692 ’ί
329 3671 599 3732 perhibetur
617 3672 876 3719 additum.’'
915 3673 1146 3720 lsslexaem.
1234 3673 1408 3736 recepit
1435 3673 1708 3720 WVottonus.
